
<marc:record xmlns:marc="http://www.loc.gov/MARC21/slim">
   <marc:leader>00000nm  2200000uu 4500</marc:leader>
   <marc:controlfield tag="008">|||||||||||||||||||||||</marc:controlfield>
   <marc:datafield tag="245" ind1="1" ind2="0">
      <marc:subfield code="a">Lebenslauf</marc:subfield>
   </marc:datafield>
</marc:record>
<marc:record xmlns:marc="http://www.loc.gov/MARC21/slim">
   <marc:leader>00000nm  2200000uu 4500</marc:leader>
   <marc:controlfield tag="008">|||||||||||||||||||||||</marc:controlfield>
   <marc:datafield tag="852" ind1="" ind2="">
      <marc:subfield code="a">DE-15</marc:subfield>
      <marc:subfield code="3">Leipzig University Library, Leipzig, Germany</marc:subfield>
   </marc:datafield>
</marc:record>
